<record><leader>00000cas a22000007a 4500</leader><controlfield tag="001">14232056</controlfield><controlfield tag="008">860918d18821894wiuwr ne      0    0eng d</controlfield><datafield ind1=" " ind2=" " tag="010"><subfield code="a">sn 86086684 </subfield></datafield><datafield ind1=" " ind2=" " tag="040"><subfield code="a">NPV</subfield><subfield code="b">eng</subfield><subfield code="c">NPV</subfield><subfield code="d">OCLCQ</subfield></datafield><datafield ind1=" " ind2=" " tag="042"><subfield code="a">msc</subfield></datafield><datafield ind1=" " ind2=" " tag="045"><subfield code="a">w8w9</subfield></datafield><datafield ind1=" " ind2=" " tag="052"><subfield code="a">4123</subfield><subfield code="b">G6</subfield><subfield code="b">I5</subfield></datafield><datafield ind1="0" ind2="4" tag="245"><subfield code="a">The Montfort monitor.</subfield></datafield><datafield ind1=" " ind2=" " tag="260"><subfield code="a">Montfort, Wis. :</subfield><subfield code="b">[s.n.],</subfield><subfield code="c">1882-</subfield></datafield><datafield ind1=" " ind2=" " tag="300"><subfield code="a">v. :</subfield><subfield code="b">ill.</subfield></datafield><datafield ind1=" " ind2=" " tag="310"><subfield code="a">Weekly</subfield></datafield><datafield ind1="0" ind2=" " tag="362"><subfield code="a">Vol. 1, no. 1 (May 17, 1882)-v.2, no. 20 (Sept. 27, 1883); v. 2, ser. 2, no. 21 (Oct. 4, 1883)-v. 2, ser. 2, no. 52 (May 8, 1884); New ser., v. 3, no. 1 (May 15, 1884)-v. 8, no. 47 (May 15, 1890); New ser., v. 1, no. 1 (May 23, 1890)-&lt;v. 1, no. 50 (May 1, 1891)&gt;; &lt;v. 10, no. 3 (June 5, 1891)&gt;-</subfield></datafield><datafield ind1="1" ind2=" " tag="362"><subfield code="a">Ceased in Feb., 1894.</subfield><subfield code="z">Cf. Oehlerts, d. E. Guide to Wis. newspapers.</subfield></datafield><datafield ind1=" " ind2=" " tag="500"><subfield code="a">Publisher varies.</subfield></datafield><datafield ind1=" " ind2=" " tag="500"><subfield code="a">Editors: C.T. Stone, May 17, 1882-&lt;Nov. 27, 1884&gt;; DeWitt &amp; Taylor, &lt;Dec. 14, 1884&gt;-Dec. 29, 1887; DeWitt &amp; Stevens, Jan. 5, 1888-Feb. 20, 1890; I.G. DeWitt, Feb. 27, 1890-May 15, 1890; Greene &amp; Palmer, May 23, 1890-&lt;May 1, 1891&gt;; J.F. Streeter, &lt;June 5, 1891&gt;-Sept. 23, 1892.</subfield></datafield><datafield ind1=" " ind2=" " tag="515"><subfield code="a">Volume and numbering varies.</subfield></datafield><datafield ind1=" " ind2=" " tag="525"><subfield code="a">Supplements accompany some issues.</subfield></datafield><datafield ind1=" " ind2=" " tag="530"><subfield code="a">Available on microfilm from The State Historical Society of Wisconsin.</subfield></datafield><datafield ind1=" " ind2=" " tag="752"><subfield code="a">United States</subfield><subfield code="b">Wisconsin</subfield><subfield code="c">Grant</subfield><subfield code="d">Montfort.</subfield></datafield><datafield ind1=" " ind2=" " tag="752"><subfield code="a">United States</subfield><subfield code="b">Wisconsin</subfield><subfield code="c">Iowa</subfield><subfield code="d">Montfort.</subfield></datafield><datafield ind1="1" ind2=" " tag="029"><subfield code="a">AU@</subfield><subfield code="b">000025831411</subfield></datafield></record>